<?xml version = "1.0" encoding = "UTF-8"?><OAI-PMH xmlns="http://www.openarchives.org/OAI/2.0/" xmlns:xsi="http://www.w3.org/2001/XMLSchema-instance" xsi:schemaLocation="http://www.openarchives.org/OAI/2.0/ http://www.openarchives.org/OAI/2.0/OAI-PMH.xsd"><ListRecords><record><header><identifier>aleph-publish:015743340</identifier></header><metadata><record xmlns="http://www.ddb.de/professionell/mabxml/mabxml-1.xsd"><leader>00000nM2.01200024||||||h</leader><controlfield tag="LDR">00000nM2.01200024||||||h</controlfield><controlfield tag="FMT">MH</controlfield><datafield tag="001" ind1="-" ind2="1"><subfield code="a">HT015121969</subfield></datafield><datafield tag="002" ind1="a" ind2="1"><subfield code="a">20070530</subfield></datafield><datafield tag="026" ind1="-" ind2="1"><subfield code="a">HBZHT015121969</subfield></datafield><controlfield tag="030">a|1uc||||||37</controlfield><datafield tag="036" ind1="a" ind2="1"><subfield code="a">JP</subfield></datafield><datafield tag="037" ind1="b" ind2="1"><subfield code="a">jpn</subfield></datafield><controlfield tag="050">a|||||||||||||</controlfield><controlfield tag="051">s|||||||</controlfield><datafield tag="070" ind1="-" ind2="1"><subfield code="a">61</subfield></datafield><datafield tag="070" ind1="a" ind2="1"><subfield code="a">NII</subfield></datafield><datafield tag="078" ind1="f" ind2="1"><subfield code="a">jap</subfield></datafield><datafield tag="080" ind1="-" ind2="1"><subfield code="a">60</subfield></datafield><datafield tag="100" ind1="b" ind2="1"><subfield code="p">Tanaka, Ichimatsu</subfield><subfield code="b">[Hrsg.]</subfield><subfield code="9">(DE-588)15132641X</subfield></datafield><datafield tag="A00" ind1="b" ind2="1"><subfield code="a">田中, 一松(1895-1983)</subfield><subfield code="6">Jpan</subfield></datafield><datafield tag="104" ind1="b" ind2="1"><subfield code="p">Tawaraya, Sōtatsu</subfield><subfield code="b">[Ill.]</subfield><subfield code="9">(DE-588)177763655</subfield></datafield><datafield tag="A04" ind1="b" ind2="1"><subfield code="a">俵屋, 宗達(-1643)</subfield><subfield code="6">Jpan</subfield></datafield><datafield tag="331" ind1="-" ind2="1"><subfield code="a">Sōtatsu</subfield></datafield><datafield tag="C31" ind1="-" ind2="1"><subfield code="a">宗達</subfield><subfield code="6">Jpan</subfield></datafield><datafield tag="C31" ind1="-" ind2="1"><subfield code="a">ソウタツ</subfield><subfield code="6">Kana</subfield></datafield><datafield tag="359" ind1="-" ind2="1"><subfield code="a">henshū namini kaisetsu Tanaka Ichimatsu</subfield></datafield><datafield tag="C59" ind1="-" ind2="1"><subfield code="a">編集並に解説田中一松</subfield><subfield code="6">Jpan</subfield></datafield><datafield tag="403" ind1="-" ind2="1"><subfield code="a">1-satsu</subfield></datafield><datafield tag="D03" ind1="-" ind2="1"><subfield code="a">1刷</subfield><subfield code="6">Jpan</subfield></datafield><datafield tag="410" ind1="-" ind2="1"><subfield code="a">Tōkyō</subfield></datafield><datafield tag="D10" ind1="-" ind2="1"><subfield code="a">東京</subfield><subfield code="6">Jpan</subfield></datafield><datafield tag="412" ind1="-" ind2="1"><subfield code="a">Kōdansha</subfield></datafield><datafield tag="D12" ind1="-" ind2="1"><subfield code="a">講談社</subfield><subfield code="6">Jpan</subfield></datafield><datafield tag="425" ind1="-" ind2="1"><subfield code="a">Shōwa 30 [1955]</subfield></datafield><datafield tag="D25" ind1="-" ind2="1"><subfield code="a">昭和30年</subfield><subfield code="6">Jpan</subfield></datafield><datafield tag="425" ind1="a" ind2="1"><subfield code="a">1955</subfield></datafield><datafield tag="433" ind1="-" ind2="1"><subfield code="a">[35] Bl. : überwiegend Ill.</subfield></datafield><datafield tag="435" ind1="-" ind2="1"><subfield code="a">17cm</subfield></datafield><datafield tag="451" ind1="-" ind2="1"><subfield code="a">Kōdanshaban āto bukkusu ; 19</subfield></datafield><datafield tag="D51" ind1="-" ind2="1"><subfield code="a">講談社版アート・ブックス ; 19</subfield><subfield code="6">Jpan</subfield></datafield><datafield tag="453" ind1="-" ind2="1"><subfield code="a">HT013587346</subfield></datafield><datafield tag="455" ind1="-" ind2="1"><subfield code="a">19</subfield></datafield><datafield tag="456" ind1="-" ind2="1"><subfield code="a">19</subfield></datafield><datafield tag="G10" ind1="c" ind2="1"><subfield code="a">俵屋, 宗達(-1643)</subfield><subfield code="6">Jpan</subfield></datafield><controlfield tag="SYS">015743340</controlfield><datafield tag="088" ind1=" " ind2=" "><subfield code="a">61</subfield><subfield code="b">00</subfield><subfield code="c">oas/a1216</subfield><subfield code="e">Ausleihbar</subfield></datafield></record></metadata></record></ListRecords></OAI-PMH>